<?xml version="1.0" encoding="UTF-8"?><collection xmlns="http://www.loc.gov/MARC21/slim"><record><leader>00593nam--2200181-i-4500</leader><controlfield tag="001">000014417</controlfield><controlfield tag="002">20161230</controlfield><controlfield tag="005">20161230201030</controlfield><controlfield tag="008">060222s1000------------r-----000-0-ger-d</controlfield><datafield ind1=" " ind2=" " tag="040"><subfield code="a">IFIN-HH</subfield></datafield><datafield ind1=" " ind2=" " tag="041"><subfield code="a">ger</subfield></datafield><datafield ind1=" " ind2=" " tag="080"><subfield code="a">539.196.5:548.1(043)</subfield></datafield><datafield ind1="1" ind2=" " tag="100"><subfield code="a">Benk, Hartmut</subfield></datafield><datafield ind1="1" ind2="0" tag="245"><subfield code="a">Theorie zur wechselwirkung von frenkel-exziton en mit storstellen in organischen molekulkrist allen-kinetik der exzitonenener gieubertragung</subfield><subfield code="b">Dissertation</subfield><subfield code="c">Hartmut benk</subfield></datafield><datafield ind1=" " ind2=" " tag="260"><subfield code="a">Stuttgart</subfield><subfield code="b">Fakultat Der Universitat</subfield><subfield code="c">1982</subfield></datafield><datafield ind1=" " ind2=" " tag="300"><subfield code="a">236 P</subfield></datafield><datafield ind1=" " ind2=" " tag="852"><subfield code="a">70901</subfield><subfield code="c">539.19</subfield></datafield><datafield ind1=" " ind2=" " tag="CAT"><subfield code="a">Sys</subfield><subfield code="c">20120717</subfield><subfield code="h">134830</subfield></datafield></record></collection>